<?xml version="1.0" encoding="UTF-8"?><record xmlns="http://www.loc.gov/MARC21/slim" xmlns:cinclude="http://apache.org/cocoon/include/1.0" xmlns:zs="http://www.loc.gov/zing/srw/">
  <leader>00573cz  a2200145n  4500</leader>
  <controlfield tag="001">n  84040333 </controlfield>
  <controlfield tag="003">DLC</controlfield>
  <controlfield tag="008">840905n| acannaabn          |n aaa      </controlfield>
  <controlfield tag="005">19991201073951.0</controlfield>
  <datafield tag="010" ind1=" " ind2=" ">
    <subfield code="a">n  84040333 </subfield>
  </datafield>
  <datafield tag="035" ind1=" " ind2=" ">
    <subfield code="a">(OCoLC)oca01190846</subfield>
  </datafield>
  <datafield tag="040" ind1=" " ind2=" ">
    <subfield code="a">DLC</subfield>
    <subfield code="c">DLC</subfield>
    <subfield code="d">DLC</subfield>
    <subfield code="d">NmU</subfield>
  </datafield>
  <datafield tag="100" ind1="1" ind2=" ">
    <subfield code="a">Kantor, Paul B.</subfield>
  </datafield>
  <datafield tag="670" ind1=" " ind2=" ">
    <subfield code="a">His Objective performance measures for academic and research libraries, 1984:</subfield>
    <subfield code="b">t.p. (Paul B. Kantor) p. viii (Tantalus, Inc.)</subfield>
  </datafield>
  <datafield tag="670" ind1=" " ind2=" ">
    <subfield code="a">Valuing special libraries and information services, c1999:</subfield>
    <subfield code="b">t.p. (Paul B. Kantor, Ph. D.; Alexander Project Laboratory, Rutgers Univ.)</subfield>
  </datafield>
</record>